% Encoding: UTF-8

@Misc{lea03,
  author       = {Lea Toms},
  title        = {Closed for Business - the Impact of Denial of Service Attacks in the IoT},
  year         = {2016},
  organization = {www.globalsign.com},
  month        = {Feb},
}

@Article{monowar01,
  author  = {Monowar H. Bhuyan and H. J. Kashyap and D. K. Bhattacharyya and J. K. Kalita},
  title   = {Detecting distributed denial of service attacks: methods, tools and future directions},
  journal = {The Computer Journal},
  year    = {2014},
  volume  = {57},
  pages   = {537-556},
  doi     = {10.1093/comjnl/bxt031},
}

@InProceedings{zhang05,
  author    = {Guoxing Zhang and Shengming Jiang and Gang Wei},
  title     = {A prediction-based detection algorithm against distributed denial-of-service attacks},
  booktitle = {Proceedings of the International Conference on Wireless Communications and Mobile Computing: Connecting the World Wirelessly},
  year      = {2009},
  volume    = {1},
  pages     = {106â€“110},
  address   = {Leipzig, Germany},
  month     = {June},
}

@Manual{amazon02,
  title        = {AWS Best Practices for DDoS Resiliency},
  organization = {Amazon Web Services},
  year         = {2016},
  author       = {Andrew Kiggins and Jeffrey Lyons},
}

@Misc{jess04,
  author       = {Jessica Stone},
  title        = {The Best DDoS Protection Services},
  year         = {2017},
  organization = {www.toptenreviews.com},
  month        = {July},
}

@Misc{kdd06,
  author       = {KDDCup99},
  title        = {KDD Cup 1999 Data},
  year         = {1999},
  organization = {University of California, Irvine},
}

@Misc{linc07,
  author       = {MITLincolnLaboratory},
  title        = {DARPA Intrusion Detection Evaluation},
  year         = {1998},
  organization = {Massachusetts Institute of Technology},
}

@Misc{jup08,
  author       = {Jupyter},
  title        = {The Jupyter Notebook},
  year         = {2017},
  organization = {Jupyter},
}

@Book{islr09,
  title     = {An Introduction to Statistical Learning with Applications in R},
  publisher = {Springer},
  year      = {2013},
  author    = {Gareth James and Daniela Witten and Trevor Hastie and Robert Tibshirani},
  address   = {New York},
  doi       = {10.1007/978-1-4614-7138-7},
}

@Book{bishop10,
  title     = {Pattern Recognition and Machine Learning},
  publisher = {Springer},
  year      = {2006},
  author    = {Christopher M. Bishop},
  address   = {New York},
  isbn      = {0-387-31073-8},
}

@Manual{pysp11,
  title        = {PySpark High-performance data processing without learning Scala},
  organization = {IBM},
  year         = {2016},
  author       = {IBM},
}

@Misc{scikit12,
  author       = {scikit-learn},
  title        = {scikit-learn - Machine Learning in Python},
  year         = {2017},
  organization = {www.scikit-learn.org},
}

@Comment{jabref-meta: databaseType:bibtex;}
