% Encoding: UTF-8

@Misc{downey01,
  author       = {Phil Downey},
  title        = {Deliver more intelligence to intelligent energy systems},
  year         = {2017},
  organization = {IBM},
  month        = {Aug},
}

@Misc{guille02,
  author       = {Christopher Guille and Stephan Zech},
  title        = {How Utilities Are Deploying Data Analytics Now},
  year         = {2016},
  organization = {Bain and Company},
  month        = {Aug},
}

@Misc{callahan03,
  author       = {Stephen Callahan},
  title        = {Big Data : The Future of Energy and Utilities},
  year         = {2015},
  organization = {www.rdmag.com},
  month        = {Oct},
}

@Misc{wharton04,
  author       = {Wharton},
  title        = {Big Data and Energy : A Clear Synergy},
  year         = {2014},
  organization = {Wharton - University of Pennsylvania},
  month        = {Sep},
}

@Misc{leonardo05,
  author       = {Rob van Gerwen and Saskia Jaarsma and Rob Wilhite},
  title        = {Smart Metering},
  year         = {2006},
  organization = {www.leonardo-energy.org},
  month        = {Jul},
}

@Article{fang06,
  author  = {Xi Fang and Satyajayant Misra and Guoliang Xue and Dejun Yang},
  title   = {Smart Grid - The New and Improved Power Grid : A Survey},
  journal = {IEEE Communications Surveys and Tutorials},
  year    = {2011},
  volume  = {14},
  number  = {4},
  pages   = {944-980},
  month   = {Dec},
  issn    = {1553-877X},
  doi     = {10.1109/SURV.2011.101911.00087},
}

@Article{george07,
  author  = {Panagiotis D. Diamantoulakis and Vasileios M. Kapinas and George K. Karagiannidis},
  title   = {Big Data Analytics for Dynamic Energy Management in Smart Grids},
  journal = {Big Data Research},
  year    = {2015},
  volume  = {2},
  number  = {3},
  pages   = {94-101},
  month   = {Apr},
  doi     = {10.1016/j.bdr.2015.03.003},
}

@InProceedings{wan08,
  author    = {Wan He and Ying Chai},
  title     = {An Empirical Study on Energy Disaggregation via Deep Learning},
  booktitle = {Advances in Intelligent Systems Research - 2nd International Conference on Artificial Intelligence and Industrial Engineering (AIIE2016)},
  year      = {2016},
  editor    = {R.E. Sehiemy and M.B.I. Reaz and C.J. Lee},
  volume    = {133},
  pages     = {338-342},
  address   = {Netherlands},
  publisher = {Atlantis Press},
}

@Manual{smartmeter09,
  title        = {Smart Metering for Water Utilities},
  organization = {Oracle},
  year         = {2009},
  author       = {Oracle},
  month        = {Sep},
}

@Article{acm10,
  author  = {Sarvapali D. Ramchurn and Perukrishnen Vytelingum and Alex Rogers and Nicholas R. Jennings},
  title   = {Putting the Smarts Into the Smart Grid: A Grand Challenge for Artificial Intelligence},
  journal = {Communications of the ACM},
  year    = {2012},
  volume  = {55},
  number  = {4},
  pages   = {86-97},
  month   = {Apr},
  doi     = {10.1145/2133806.2133825},
}

@Manual{util11,
  title        = {Utilities and Big Data: A Seismic Shift is Beginning},
  organization = {Oracle},
  year         = {2013},
  author       = {Oracle},
  month        = {Sep},
}

@Misc{info12,
  author       = {Infosys},
  title        = {Energy and Utilities},
  year         = {2017},
  organization = {Infosys},
}

@Manual{schneider13,
  title        = {Predictive Asset Analytics at Power Utilities},
  organization = {Schneider Electric},
  year         = {2015},
  author       = {SchneiderElectric},
}

@InProceedings{chen14,
  author    = {Po-Chen Chen and Tatjana Dokic and Nicholas Stokes and Daniel W. Goldberg and Mladen Kezunovic},
  title     = {Predicting weather-associated impacts in outage management utilizing the GIS framework},
  booktitle = {2015 IEEE PES Innovative Smart Grid Technologies Latin America (ISGT LATAM)},
  year      = {2015},
  volume    = {1},
  pages     = {417-422},
  address   = {Montevideo},
  month     = {Oct},
  doi       = {10.1109/ISGT-LA.2015.7381191},
}

@Manual{acc15,
  title        = {Digitizing Energy - Analytics-Powered Performance},
  organization = {Accenture},
  year         = {2013},
  author       = {Accenture},
}

@InProceedings{mich16,
  author    = {Michelangelo Ceci and Nunziato Cassavia and Roberto Corizzo and Pietro Dicosta and Donato Malerba and Gaspare Maria and Elio Masciari and Camillo Pastura},
  title     = {Big Data Techniques For Renewable Energy Market},
  booktitle = {22nd Italian Symposium on Advanced Database Systems, SEBD 2014},
  year      = {2014},
  editor    = {Sergio Greco and Antonio Picariello},
  volume    = {1},
  pages     = {369-377},
  address   = {Italy},
  month     = {Jun},
}

@Misc{andy17,
  author       = {Andy Shaw},
  title        = {Understanding Big Data in the Water Industry},
  year         = {2017},
  organization = {Water Online},
  month        = {Mar},
}

@Misc{barb18,
  author       = {Barbara Grady},
  title        = {Can Big Data save our water infrastructure?},
  year         = {2016},
  organization = {GreenBiz},
  month        = {Feb},
}

@Manual{oncor19,
  title        = {Oncor delivers customer benefits through an integrated smart grid},
  organization = {IBM},
  year         = {2013},
  author       = {IBM},
  month        = {Mar},
}

@Manual{vestas21,
  title        = {Vestas - Turning climate into capital with big data},
  organization = {IBM},
  year         = {2011},
  author       = {IBM},
  month        = {Oct},
}

@Manual{cloud20,
  title        = {Podo: Capturing and Growing Market Share with 10x More Accurate Forecasts},
  organization = {Cloudera},
  year         = {2017},
  author       = {Cloudera},
}

@Comment{jabref-meta: databaseType:bibtex;}
