% Encoding: UTF-8
%Made with Jabref

@Misc{gregor2017,
  author = {Gregor V Laszewski},
  title  = {test},
  year   = {2017},
  date   = {2017-09-04},
  editor = {Gregor},
}
